@article{Howes2017,
author = {Howes, Oliver D. and McCutcheon, Rob and Agid, Ofer and de Bartolomeis, Andrea and van Beveren, Nico J.M. and Birnbaum, Michael L. and Bloomfield, Michael A.P. and Bressan, Rodrigo A. and Buchanan, Robert W. and Carpenter, William T. and Castle, David J. and Citrome, Leslie and Daskalakis, Zafiris J. and Davidson, Michael and Drake, Richard J. and Dursun, Serdar and Ebdrup, Bj{\o}rn H. and Elkis, Helio and Falkai, Peter and Fleischacker, W. Wolfgang and Gadelha, Ary and Gaughran, Fiona and Glenth{\o}j, Birte Y. and Graff-Guerrero, Ariel and Hallak, Jaime E.C. and Honer, William G. and Kennedy, James and Kinon, Bruce J. and Lawrie, Stephen M. and Lee, Jimmy and Leweke, F. Markus and MacCabe, James H. and McNabb, Carolyn B. and Meltzer, Herbert and M{\"{o}}ller, Hans-J{\"{u}}rgen and Nakajima, Shinchiro and Pantelis, Christos and {Reis Marques}, Tiago and Remington, Gary and Rossell, Susan L. and Russell, Bruce R. and Siu, Cynthia O. and Suzuki, Takefumi and Sommer, Iris E. and Taylor, David and Thomas, Neil and {\"{U}}{\c{c}}ok, Alp and Umbricht, Daniel and Walters, James T.R. and Kane, John and Correll, Christoph U.},
doi = {10.1176/appi.ajp.2016.16050503},
journal = {American Journal of Psychiatry},
month = {mar},
number = {3},
pages = {216--229},
publisher = {American Psychiatric AssociationArlington, VA},
title = {{Treatment-Resistant Schizophrenia: Treatment Response and Resistance in Psychosis (TRRIP) Working Group Consensus Guidelines on Diagnosis and Terminology}},
url = {http://ajp.psychiatryonline.org/doi/10.1176/appi.ajp.2016.16050503},
volume = {174},
year = {2017}
}

@article{Lieberman2005,
	author = {Lieberman, Jeffrey A. and Stroup, T. Scott and McEvoy, Joseph P. and Swartz, Marvin S. and Rosenheck, Robert A. and Perkins, Diana O. and Keefe, Richard S.E. and Davis, Sonia M. and Davis, Clarence E. and Lebowitz, Barry D. and Severe, Joanne and Hsiao, John K.},
	doi = {10.1056/NEJMoa051688},
	file = {:home/dan/.local/share/data/Mendeley Ltd./Mendeley Desktop/Downloaded/Lieberman et al. - 2005 - Effectiveness of Antipsychotic Drugs in Patients with Chronic Schizophrenia.pdf:pdf},
	issn = {0028-4793},
	journal = {New England Journal of Medicine},
	month = {sep},
	number = {12},
	pages = {1209--1223},
	publisher = { Massachusetts Medical Society },
	title = {{Effectiveness of Antipsychotic Drugs in Patients with Chronic Schizophrenia}},
	url = {http://www.nejm.org/doi/abs/10.1056/NEJMoa051688},
	volume = {353},
	year = {2005}
}

%%% SOFAS scale equivalents and algorithm
@article{Morosini2000,
	author = {Morosini, P-L and Magliano, L and Brambilla, L and Ugolini, S and Pioli, R.},
	journal = {Acta Psychiatrica Scandinavica},
	pages = {323--329},
	title = {{Development, reliability and acceptability of a new version of the DSM-IV Social and Occupational Functioning Assessment Scale (SOFAS) to assess routine social functioning}},
	volume = {101},
	year = {2000}
}

@article{heinrichs1984quality,
	title={The Quality of Life Scale: an instrument for rating the schizophrenic deficit syndrome},
	author={Heinrichs, Douglas W and Hanlon, Thomas E and Carpenter Jr, William T},
	journal={Schizophrenia Bulletin},
	volume={10},
	number={3},
	pages={388--398},
	year={1984},
	publisher={Oxford University Press}
}

@article{lehman1988quality,
	title={A quality of life interview for the chronically mentally ill},
	author={Lehman, Anthony F},
	journal={Evaluation and program planning},
	volume={11},
	number={1},
	pages={51--62},
	year={1988},
	publisher={Elsevier}
}

@article{steadman1998violence,
	title={Violence by people discharged from acute psychiatric inpatient facilities and by others in the same neighborhoods},
	author={Steadman, Henry J and Mulvey, Edward P and Monahan, John and Robbins, Pamela Clark and Appelbaum, Paul S and Grisso, Thomas and Roth, Loren H and Silver, Eric},
	journal={Archives of general psychiatry},
	volume={55},
	number={5},
	pages={393--401},
	year={1998},
	publisher={American Medical Association}
}


%%% source for cognitive details
@article{keefe2006baseline,
	title={Baseline neurocognitive deficits in the CATIE schizophrenia trial},
	author={Keefe, Richard SE and Bilder, Robert M and Harvey, Philip D and Davis, Sonia M and Palmer, Barton W and Gold, James M and Meltzer, Herbert Y and Green, Michael F and Miller, Del D and Canive, Jose M and others},
	journal={Neuropsychopharmacology},
	volume={31},
	number={9},
	pages={2033},
	year={2006},
	publisher={Nature Publishing Group}
}

%%%%%%%% five factor models for PANSS
@article{Wallwork2012,
author = {Wallwork, R.S. and Fortgang, R. and Hashimoto, R. and Weinberger, D.R. and Dickinson, D.},
	doi = {10.1016/j.schres.2012.01.031},
	issn = {09209964},
	journal = {Schizophrenia Research},
	month = {may},
	number = {1-3},
	pages = {246--250},
	pmid = {22356801},
	title = {{Searching for a consensus five-factor model of the Positive and Negative Syndrome Scale for schizophrenia}},
	url = {http://www.ncbi.nlm.nih.gov/pubmed/22356801 http://www.pubmedcentral.nih.gov/articlerender.fcgi?artid=PMC3351536 http://linkinghub.elsevier.com/retrieve/pii/S0920996412000564},
	volume = {137},
	year = {2012}
}


%%%%%% Estimates of TRS

%%% original
@article{Kane1988,
	author = {Kane, J and Honigfeld, G and Singer, J and Meltzer, H},
	doi = {10.1001/archpsyc.1988.01800330013001},
	isbn = {0003-990X},
	issn = {0003-990X},
	journal = {Archives of General Psychiatry},
	mendeley-groups = {Prescribing},
	number = {9},
	pages = {789--796},
	pmid = {3046553},
	title = {{Clozapine for the treatment-resistant schizophrenic: A double-blind comparison with chlorpromazine}},
	url = {http://dx.doi.org/10.1001/archpsyc.1988.01800330013001},
	volume = {45},
	year = {1988}
}

%%% nice overview
@article{dammak2013,
	author = {Dammak, M},
	title = {Treatment-Resistant Schizophrenia: Prevalence and Risk Factors in {W}oolfolk, {R}. {(Ed.)}, {M}ental {D}isorders - {T}heoretical and {E}mpirical {P}erspectives, {InTech}, {DOI: 10.5772/52430}. {A}vailable from: https://www.intechopen.com/books/mental-disorders-theoretical-and-empirical-perspectives/treatment-resistant-schizophrenia-prevalence-and-risk-factors},
	year = {2013}
}

%%%% men more than women
@article{szymanski1995gender,
	title={Gender differences in onset of illness, treatment response, course, and biologic indexes in first-episode schizophrenic patients},
	author={Szymanski, Sally and Lieberman, Jeffrey A and Alvir, Jose M and Mayerhoff, David and Loebel, Antony and Geisler, Stephen and Chakos, Miranda and Koreen, Amy and Jody, Darlene and Kane, John and others},
	journal={American Journal of Psychiatry},
	volume={152},
	number={5},
	pages={698--703},
	year={1995},
	publisher={Am Psychiatric Assoc}
}


%%% much higher estimate : upto 60%
@article{meltzer2001treatment,
	title={Treatment Resistant Schizophrenia in {J}. {L}ieberman and {R}. {M}urray {(Eds)}, (2012) {C}omprehensive {C}are of {S}chizophrenia: A {T}extbook of {C}linical {M}anagement, {O}xford {U}niversity {P}ress},
	author={Meltzer, H and Kostakoglu, A},
	year={2001}
}

%%% one third of patients
@article{Lehman2004,
	author = {Lehman, Anthony F and Lieberman, Jeffrey A and Dixon, Lisa B and McGlashan, Thomas H and Miller, Alexander L and Perkins, Diana O and Kreyenbuhl, Julie and {American Psychiatric Association}, John S. and {Steering Committee on Practice Guidelines}, Sara C. and Altshuler, Kenneth and Cook, Ian and Cross, C. Deborah and Mellman, Lisa and Moench, Louis Alan and Norquist, Grayson and Twemlow, Stuart W. and Woods, Sherwyn and Yager, Joel and Gray, Sheila Hafter and Askland, Kathleen and Pandya, Rupang and Prasad, Konasale and Johnston, Robert and Nininger, James and Peele, Roger and Anzia, Daniel J. and Benson, R. Scott and Lurie, Lawrence and Walker, R. Dale and Kunkle, Roger and Simpson, Althea and Fochtmann, Laura J. and Hart, Claudia and Regier, Darrel},
	issn = {0002-953X},
	journal = {The American journal of psychiatry},
	month = {feb},
	number = {2 Suppl},
	pages = {1--56},
	pmid = {15000267},
	publisher = {American Psychiatric Association},
	title = {{Practice guideline for the treatment of patients with schizophrenia, second edition.}},
	url = {http://www.ncbi.nlm.nih.gov/pubmed/15000267},
	volume = {161},
	year = {2004}
}

%%% one third
@article{elkis2007treatment,
	title={Treatment-resistant schizophrenia},
	author={Elkis, Helio},
	journal={Psychiatric Clinics of North America},
	volume={30},
	number={3},
	pages={511--533},
	year={2007},
	publisher={Elsevier}
}


%% 40-60 percent
@article{juarez1995restricting,
	title={Restricting clozapine use: the impact of stringent eligibility criteria},
	author={Juarez-Reyes, MG and Shumway, M and Battle, C and Bacchetti, P and Hansen, MS and Hargreaves, WA},
	journal={Psychiatric Serv},
	volume={46},
	pages={801--6},
	year={1995}
}

%% 40-60 percent
@article{essock1996clozapine,
	title={Clozapine eligibility among state hospital patients},
	author={Essock, Susan M and Hargreaves, William A and Dohm, Faith-Anne and Goethe, John and Carver, Lawrence and Hipshman, Lawrence},
	journal={Schizophrenia bulletin},
	volume={22},
	number={1},
	pages={15--25},
	year={1996},
	publisher={Oxford University Press}
}

%%%%%%%%%%%%%%%%%%%%%%%
% dosing and medication issues
@article{Leucht2016,
	author = {Leucht, Stefan and Samara, Myrto and Heres, Stephan and Davis, John M.},
	doi = {10.1093/schbul/sbv167},
	issn = {0586-7614},
	journal = {Schizophrenia Bulletin},
	keywords = {antipsychotic drugs,dosage,equivalency,olanzapine,quetiapine,risperidone,schizophrenia},
	month = {jul},
	number = {suppl 1},
	pages = {S90--S94},
	pmid = {27460622},
	title = {{Dose Equivalents for Antipsychotic Drugs: The DDD Method}},
	url = {http://www.ncbi.nlm.nih.gov/pubmed/27460622 http://www.pubmedcentral.nih.gov/articlerender.fcgi?artid=PMC4960429 https://academic.oup.com/schizophreniabulletin/article-lookup/doi/10.1093/schbul/sbv167},
	volume = {42},
	year = {2016}
}

%%%%%%% symptom change
@article{Leucht2009,
	author = {Leucht, S. and Davis, J. M. and Engel, R. R. and Kissling, W. and Kane, J. M.},
	doi = {10.1111/j.1600-0447.2008.01308.x},
	file = {:home/dan/.local/share/data/Mendeley Ltd./Mendeley Desktop/Downloaded/Leucht et al. - 2009 - Definitions of response and remission in schizophrenia recommendations for their use and their presentation.pdf:pdf},
	issn = {0001690X},
	journal = {Acta Psychiatrica Scandinavica},
	month = {feb},
	number = {438},
	pages = {7--14},
	pmid = {19132961},
	title = {{Definitions of response and remission in schizophrenia: recommendations for their use and their presentation}},
	url = {http://www.ncbi.nlm.nih.gov/pubmed/19132961 http://doi.wiley.com/10.1111/j.1600-0447.2008.01308.x},
	volume = {119},
	year = {2009}
}

%%% stats methods
@article{Friedman2010,
author = {Friedman, Jerome and Hastie, Trevor and Tibshirani, Robert},
journal = {Journal of Statistical Software},
number = {1},
pmid = {20808728},
title = {{Regularization Paths for Generalized Linear Models via Coordinate Descent}},
url = {http://www.jstatsoft.org/v33/i01/},
volume = {33},
year = {2010}
}

@article{He2009,
author = {He, Haibo and Garcia, Edwardo A.},
journal = {IEEE Transactions on Knowledge and Data Engineering},
keywords = {Active learning,Assessment metrics,Classification,Cost-sensitive learning,Imbalanced learning,Kernel-based learning,Sampling methods},
number = {9},
pages = {1263--1284},
pmid = {24807526},
title = {{Learning from imbalanced data}},
volume = {21},
year = {2009}
}

@article{Blagus2013,
author = {Blagus, Rok and Lusa, Lara},
journal = {BMC Bioinformatics},
keywords = {Algorithms,Bioinformatics,Combinatorial Libraries,Computational Biology/Bioinformatics,Computer Appl. in Life Sciences,Microarrays},
number = {1},
pages = {106},
pmid = {23522326},
title = {{SMOTE for high-dimensional class-imbalanced data}},
url = {http://bmcbioinformatics.biomedcentral.com/articles/10.1186/1471-2105-14-106},
volume = {14},
year = {2013}
}

@article{Chawla2002,
author = {Chawla, Nitesh V and Bowyer, Kevin W and Hall, Lawrence O and Kegelmeyer, W Philip},
doi = {10.1613/jair.953},
eprint = {1106.1813},
journal = {Journal of Artificial Intelligence Research},
pages = {321--357},
pmid = {18190633},
title = {{SMOTE: Synthetic minority over-sampling technique}},
url = {http://www.jair.org/media/953/live-953-2037-jair.pdf},
volume = {16},
year = {2002}
}


